<?xml version="1.0" encoding="UTF-8"?><collection xmlns="http://www.loc.gov/MARC21/slim"><record><leader>00378nam--2200133-i-4500</leader><controlfield tag="001">000040625</controlfield><controlfield tag="002">20161230</controlfield><controlfield tag="005">20161230201042</controlfield><controlfield tag="008">060222s1000------------r-----000-0-eng-d</controlfield><datafield ind1=" " ind2=" " tag="100"><subfield code="a">Schneider,Peter</subfield></datafield><datafield ind1=" " ind2=" " tag="245"><subfield code="a">Theoretische grundlagen der elektrischen nachrichtentechnik</subfield></datafield><datafield ind1=" " ind2=" " tag="260"><subfield code="a">Braunschweig, Westermann, 1956. 427 P. + Fig</subfield></datafield><datafield ind1=" " ind2=" " tag="490"><subfield code="a">Westermanns Fachbuher</subfield></datafield><datafield ind1=" " ind2=" " tag="852"><subfield code="a">12156</subfield></datafield></record></collection>